event_type, symbol, bid_exchange_id, bid_price, bid_size, ask_exchange_id, ask_price, ask_size, condition, indicators, timestamp, sequence, tape
Q, GOOG, 12, 91.75, 11, 12, 91.76, 17, nothing, Any[602], 2023-02-22T20:57:04.242, 85074112, 3
Q, GOOG, 12, 91.75, 11, 12, 91.76, 18, nothing, Any[602], 2023-02-22T20:57:04.264, 85074173, 3
Q, GOOG, 12, 91.75, 11, 12, 91.76, 19, nothing, Any[602], 2023-02-22T20:57:04.264, 85074174, 3
Q, GOOG, 12, 91.75, 11, 12, 91.76, 20, nothing, Any[602], 2023-02-22T20:57:04.264, 85074176, 3
Q, GOOG, 12, 91.75, 10, 12, 91.76, 20, nothing, Any[602], 2023-02-22T20:57:04.264, 85074178, 3
Q, GOOG, 12, 91.75, 10, 12, 91.76, 19, nothing, Any[602], 2023-02-22T20:57:04.264, 85074179, 3
Q, GOOG, 12, 91.75, 10, 12, 91.76, 20, nothing, Any[602], 2023-02-22T20:57:04.264, 85074187, 3
Q, GOOG, 12, 91.75, 10, 12, 91.76, 21, nothing, Any[602], 2023-02-22T20:57:04.264, 85074188, 3
Q, GOOG, 12, 91.75, 10, 12, 91.76, 22, nothing, Any[602], 2023-02-22T20:57:04.264, 85074190, 3
Q, GOOG, 12, 91.75, 10, 12, 91.76, 21, nothing, Any[602], 2023-02-22T20:57:04.264, 85074200, 3
Q, GOOG, 12, 91.75, 10, 12, 91.76, 20, nothing, Any[602], 2023-02-22T20:57:04.267, 85074216, 3
Q, GOOG, 12, 91.75, 10, 12, 91.76, 21, nothing, Any[602], 2023-02-22T20:57:04.272, 85074256, 3
Q, GOOG, 12, 91.75, 10, 12, 91.76, 20, nothing, Any[602], 2023-02-22T20:57:04.335, 85074553, 3
Q, GOOG, 12, 91.75, 11, 12, 91.76, 20, nothing, Any[602], 2023-02-22T20:57:04.335, 85074555, 3
Q, GOOG, 12, 91.75, 10, 12, 91.76, 20, nothing, Any[602], 2023-02-22T20:57:04.348, 85074600, 3
Q, GOOG, 12, 91.75, 11, 12, 91.76, 20, nothing, Any[602], 2023-02-22T20:57:04.360, 85074660, 3
Q, GOOG, 12, 91.75, 11, 12, 91.76, 19, nothing, Any[602], 2023-02-22T20:57:04.370, 85074706, 3
Q, GOOG, 12, 91.75, 12, 12, 91.76, 19, nothing, Any[602], 2023-02-22T20:57:04.378, 85074744, 3
Q, GOOG, 12, 91.75, 13, 12, 91.76, 19, nothing, Any[602], 2023-02-22T20:57:04.378, 85074745, 3
Q, GOOG, 12, 91.75, 12, 12, 91.76, 19, nothing, Any[602], 2023-02-22T20:57:04.378, 85074749, 3
Q, GOOG, 12, 91.75, 11, 12, 91.76, 19, nothing, Any[602], 2023-02-22T20:57:04.385, 85074774, 3
Q, GOOG, 12, 91.75, 12, 12, 91.76, 19, nothing, Any[602], 2023-02-22T20:57:04.390, 85074806, 3
Q, GOOG, 12, 91.75, 14, 12, 91.76, 19, nothing, Any[602], 2023-02-22T20:57:04.392, 85074848, 3
Q, GOOG, 12, 91.75, 13, 12, 91.76, 19, nothing, Any[602], 2023-02-22T20:57:04.394, 85074855, 3
Q, GOOG, 12, 91.75, 12, 12, 91.76, 19, nothing, Any[602], 2023-02-22T20:57:04.397, 85074865, 3
Q, GOOG, 12, 91.75, 11, 12, 91.76, 19, nothing, Any[602], 2023-02-22T20:57:04.398, 85074874, 3
Q, GOOG, 11, 91.75, 11, 12, 91.76, 19, nothing, Any[604], 2023-02-22T20:57:04.398, 85074886, 3
Q, GOOG, 12, 91.75, 10, 12, 91.76, 19, nothing, Any[501, 604], 2023-02-22T20:57:04.398, 85074892, 3
Q, GOOG, 12, 91.75, 11, 12, 91.76, 19, nothing, Any[602], 2023-02-22T20:57:04.404, 85074944, 3
Q, GOOG, 12, 91.75, 12, 12, 91.76, 19, nothing, Any[602], 2023-02-22T20:57:04.406, 85074954, 3
Q, GOOG, 11, 91.75, 11, 12, 91.76, 19, nothing, Any[604], 2023-02-22T20:57:04.406, 85074956, 3
Q, GOOG, 12, 91.75, 13, 12, 91.76, 19, nothing, Any[602], 2023-02-22T20:57:04.406, 85074962, 3
Q, GOOG, 11, 91.75, 11, 12, 91.76, 19, nothing, Any[604], 2023-02-22T20:57:04.406, 85074965, 3
Q, GOOG, 11, 91.75, 12, 12, 91.76, 19, nothing, Any[501, 604], 2023-02-22T20:57:04.434, 85075131, 3
Q, GOOG, 11, 91.75, 13, 12, 91.76, 19, nothing, Any[501, 604], 2023-02-22T20:57:04.434, 85075132, 3
Q, NFLX, 9, 334.61, 2, 12, 334.75, 1, nothing, Any[604], 2023-02-22T20:57:04.527, 75833752, 3
Q, NFLX, 12, 334.64, 1, 12, 334.75, 1, nothing, Any[602], 2023-02-22T20:57:04.527, 75833756, 3
Q, NFLX, 9, 334.64, 2, 12, 334.75, 1, nothing, Any[604], 2023-02-22T20:57:04.527, 75833766, 3
Q, AAPL, 12, 148.47, 7, 12, 148.48, 3, nothing, Any[602], 2023-02-22T20:57:04.209, 92086208, 3
Q, AAPL, 12, 148.47, 7, 12, 148.48, 4, nothing, Any[602], 2023-02-22T20:57:04.258, 92086380, 3
Q, AAPL, 12, 148.47, 7, 12, 148.48, 3, nothing, Any[602], 2023-02-22T20:57:04.441, 92087008, 3
Q, AAPL, 12, 148.47, 7, 12, 148.48, 2, nothing, Any[602], 2023-02-22T20:57:04.441, 92087009, 3
Q, AAPL, 12, 148.47, 8, 12, 148.48, 2, nothing, Any[602], 2023-02-22T20:57:04.442, 92087010, 3
Q, AAPL, 12, 148.47, 9, 12, 148.48, 2, nothing, Any[602], 2023-02-22T20:57:04.442, 92087011, 3
Q, AAPL, 12, 148.47, 10, 12, 148.48, 2, nothing, Any[602], 2023-02-22T20:57:04.442, 92087013, 3
Q, AAPL, 12, 148.47, 13, 12, 148.48, 2, nothing, Any[602], 2023-02-22T20:57:04.442, 92087015, 3
Q, AAPL, 12, 148.47, 12, 12, 148.48, 2, nothing, Any[602], 2023-02-22T20:57:04.442, 92087017, 3
Q, AAPL, 12, 148.47, 13, 12, 148.48, 2, nothing, Any[602], 2023-02-22T20:57:04.442, 92087036, 3
Q, AAPL, 12, 148.47, 13, 12, 148.48, 1, nothing, Any[602], 2023-02-22T20:57:04.442, 92087044, 3
Q, AAPL, 12, 148.47, 13, 12, 148.49, 15, nothing, Any[602], 2023-02-22T20:57:04.442, 92087045, 3
Q, AAPL, 12, 148.47, 12, 12, 148.49, 15, nothing, Any[602], 2023-02-22T20:57:04.442, 92087047, 3
Q, AAPL, 12, 148.47, 13, 12, 148.49, 15, nothing, Any[602], 2023-02-22T20:57:04.442, 92087048, 3
Q, AAPL, 12, 148.47, 16, 12, 148.49, 15, nothing, Any[602], 2023-02-22T20:57:04.442, 92087049, 3
Q, AAPL, 12, 148.47, 16, 12, 148.49, 14, nothing, Any[602], 2023-02-22T20:57:04.442, 92087050, 3
Q, AAPL, 12, 148.48, 1, 12, 148.49, 14, nothing, Any[602], 2023-02-22T20:57:04.442, 92087051, 3
Q, AAPL, 12, 148.48, 1, 12, 148.49, 15, nothing, Any[602], 2023-02-22T20:57:04.442, 92087064, 3
Q, AAPL, 12, 148.48, 1, 12, 148.49, 14, nothing, Any[602], 2023-02-22T20:57:04.442, 92087072, 3
Q, AAPL, 12, 148.48, 1, 12, 148.49, 15, nothing, Any[602], 2023-02-22T20:57:04.442, 92087077, 3
Q, AAPL, 21, 148.48, 2, 12, 148.49, 15, nothing, Any[604], 2023-02-22T20:57:04.442, 92087078, 3
Q, AAPL, 21, 148.48, 4, 12, 148.49, 15, nothing, Any[604], 2023-02-22T20:57:04.442, 92087079, 3
Q, AAPL, 21, 148.48, 6, 12, 148.49, 15, nothing, Any[604], 2023-02-22T20:57:04.442, 92087082, 3
Q, AAPL, 21, 148.48, 7, 12, 148.49, 15, nothing, Any[604], 2023-02-22T20:57:04.442, 92087085, 3
Q, AAPL, 21, 148.48, 8, 12, 148.49, 15, nothing, Any[604], 2023-02-22T20:57:04.442, 92087087, 3
Q, AAPL, 8, 148.48, 8, 12, 148.49, 15, nothing, Any[604], 2023-02-22T20:57:04.442, 92087090, 3
Q, AAPL, 8, 148.48, 5, 12, 148.49, 15, nothing, Any[604], 2023-02-22T20:57:04.443, 92087104, 3
Q, AAPL, 8, 148.48, 4, 12, 148.49, 15, nothing, Any[604], 2023-02-22T20:57:04.443, 92087113, 3
Q, AAPL, 21, 148.48, 3, 12, 148.49, 15, nothing, Any[604], 2023-02-22T20:57:04.443, 92087114, 3
Q, AAPL, 21, 148.48, 3, 12, 148.49, 14, nothing, Any[604], 2023-02-22T20:57:04.538, 92087692, 3
Q, AMD, 12, 76.49, 10, 8, 76.51, 16, nothing, Any[604], 2023-02-22T20:57:04.210, 92086230, 3
Q, MSFT, 10, 251.14, 2, 12, 251.16, 2, nothing, Any[604], 2023-02-22T20:57:04.240, 75832045, 3
Q, MSFT, 10, 251.14, 2, 12, 251.16, 1, nothing, Any[604], 2023-02-22T20:57:04.240, 75832046, 3
Q, MSFT, 10, 251.14, 2, 10, 251.17, 2, nothing, Any[604], 2023-02-22T20:57:04.240, 75832048, 3
Q, MSFT, 12, 251.14, 4, 10, 251.17, 2, nothing, Any[604], 2023-02-22T20:57:04.240, 75832056, 3
Q, MSFT, 12, 251.14, 3, 10, 251.17, 2, nothing, Any[604], 2023-02-22T20:57:04.240, 75832060, 3
Q, MSFT, 12, 251.14, 3, 12, 251.17, 2, nothing, Any[604], 2023-02-22T20:57:04.241, 75832064, 3
Q, MSFT, 10, 251.14, 4, 12, 251.17, 2, nothing, Any[604], 2023-02-22T20:57:04.241, 75832065, 3
Q, MSFT, 10, 251.15, 2, 12, 251.17, 2, nothing, Any[604], 2023-02-22T20:57:04.241, 75832071, 3
Q, AMD, 12, 76.49, 10, 8, 76.51, 15, nothing, Any[604], 2023-02-22T20:57:04.299, 92086517, 3
Q, AMD, 12, 76.49, 10, 12, 76.51, 13, nothing, Any[604], 2023-02-22T20:57:04.300, 92086522, 3
Q, AMD, 12, 76.49, 11, 12, 76.51, 13, nothing, Any[602], 2023-02-22T20:57:04.349, 92086661, 3
Q, AMD, 12, 76.49, 12, 12, 76.51, 13, nothing, Any[602], 2023-02-22T20:57:04.349, 92086662, 3
Q, AMD, 8, 76.49, 17, 12, 76.51, 13, nothing, Any[604], 2023-02-22T20:57:04.350, 92086672, 3
Q, AMD, 12, 76.49, 12, 12, 76.51, 13, nothing, Any[604], 2023-02-22T20:57:04.381, 92086743, 3
Q, MSFT, 10, 251.15, 2, 12, 251.17, 1, nothing, Any[604], 2023-02-22T20:57:04.407, 75833089, 3
Q, MSFT, 10, 251.15, 2, 12, 251.18, 4, nothing, Any[604], 2023-02-22T20:57:04.435, 75833328, 3
Q, MSFT, 10, 251.15, 2, 10, 251.18, 2, nothing, Any[604], 2023-02-22T20:57:04.436, 75833336, 3
Q, MSFT, 2, 251.15, 2, 12, 251.18, 2, nothing, Any[604], 2023-02-22T20:57:04.436, 75833350, 3
Q, MSFT, 10, 251.15, 2, 12, 251.18, 2, nothing, Any[604], 2023-02-22T20:57:04.436, 75833351, 3
Q, MSFT, 2, 251.15, 2, 12, 251.18, 2, nothing, Any[604], 2023-02-22T20:57:04.436, 75833356, 3
Q, MSFT, 2, 251.15, 2, 9, 251.18, 3, nothing, Any[604], 2023-02-22T20:57:04.436, 75833369, 3
Q, MSFT, 9, 251.15, 3, 9, 251.18, 3, nothing, Any[602], 2023-02-22T20:57:04.436, 75833372, 3
Q, MSFT, 2, 251.15, 2, 9, 251.18, 3, nothing, Any[604], 2023-02-22T20:57:04.436, 75833374, 3
Q, MSFT, 10, 251.15, 2, 9, 251.18, 3, nothing, Any[604], 2023-02-22T20:57:04.436, 75833379, 3
Q, MSFT, 12, 251.16, 1, 9, 251.18, 3, nothing, Any[604], 2023-02-22T20:57:04.436, 75833381, 3
Q, MSFT, 12, 251.16, 1, 15, 251.18, 2, nothing, Any[604], 2023-02-22T20:57:04.437, 75833385, 3
Q, MSFT, 12, 251.16, 1, 12, 251.18, 2, nothing, Any[604], 2023-02-22T20:57:04.437, 75833392, 3
Q, MSFT, 10, 251.15, 2, 12, 251.18, 2, nothing, Any[604], 2023-02-22T20:57:04.437, 75833395, 3
Q, MSFT, 10, 251.15, 2, 21, 251.18, 1, nothing, Any[604], 2023-02-22T20:57:04.442, 75833457, 3
Q, MSFT, 10, 251.15, 2, 9, 251.18, 3, nothing, Any[604], 2023-02-22T20:57:04.442, 75833459, 3
Q, MSFT, 10, 251.15, 2, 15, 251.18, 2, nothing, Any[604], 2023-02-22T20:57:04.443, 75833471, 3
Q, MSFT, 9, 251.15, 3, 15, 251.18, 2, nothing, Any[604], 2023-02-22T20:57:04.443, 75833472, 3
Q, MSFT, 10, 251.15, 2, 15, 251.18, 2, nothing, Any[604], 2023-02-22T20:57:04.443, 75833473, 3
Q, AMD, 12, 76.5, 2, 12, 76.51, 13, nothing, Any[602], 2023-02-22T20:57:04.450, 92087176, 3
Q, AMD, 12, 76.5, 2, 12, 76.51, 12, nothing, Any[602], 2023-02-22T20:57:04.450, 92087177, 3
Q, AMD, 12, 76.5, 3, 12, 76.51, 12, nothing, Any[602], 2023-02-22T20:57:04.450, 92087180, 3
Q, AMD, 12, 76.5, 3, 8, 76.51, 11, nothing, Any[604], 2023-02-22T20:57:04.451, 92087212, 3
Q, MSFT, 15, 251.15, 2, 15, 251.18, 2, nothing, Any[604], 2023-02-22T20:57:04.459, 75833573, 3
Q, MSFT, 21, 251.16, 1, 15, 251.18, 2, nothing, Any[604], 2023-02-22T20:57:04.476, 75833628, 3
Q, MSFT, 21, 251.16, 1, 12, 251.18, 2, nothing, Any[604], 2023-02-22T20:57:04.477, 75833631, 3
Q, MSFT, 12, 251.15, 2, 12, 251.18, 2, nothing, Any[604], 2023-02-22T20:57:04.509, 75833691, 3
Q, MSFT, 10, 251.15, 2, 12, 251.17, 4, nothing, Any[604], 2023-02-22T20:57:04.509, 75833692, 3
Q, AMD, 12, 76.5, 1, 8, 76.51, 11, nothing, Any[604], 2023-02-22T20:57:04.510, 92087531, 3
Q, MSFT, 12, 251.15, 2, 12, 251.17, 4, nothing, Any[604], 2023-02-22T20:57:04.510, 75833701, 3
Q, MSFT, 10, 251.15, 2, 12, 251.17, 5, nothing, Any[604], 2023-02-22T20:57:04.511, 75833713, 3
Q, MSFT, 8, 251.16, 1, 12, 251.17, 5, nothing, Any[604], 2023-02-22T20:57:04.528, 75833774, 3
Q, MSFT, 15, 251.16, 2, 12, 251.17, 5, nothing, Any[604], 2023-02-22T20:57:04.529, 75833779, 3
Q, AMD, 20, 76.5, 1, 12, 76.51, 12, nothing, Any[604], 2023-02-22T20:57:04.554, 92087806, 3
Q, AMD, 20, 76.5, 1, 12, 76.51, 13, nothing, Any[604], 2023-02-22T20:57:04.554, 92087808, 3
Q, AMD, 12, 76.5, 1, 12, 76.51, 13, nothing, Any[604], 2023-02-22T20:57:04.555, 92087813, 3
Q, AMD, 20, 76.5, 1, 12, 76.51, 14, nothing, Any[604], 2023-02-22T20:57:04.558, 92087837, 3
Q, MSFT, 15, 251.16, 2, 12, 251.17, 6, nothing, Any[604], 2023-02-22T20:57:04.596, 75834032, 3
Q, MSFT, 15, 251.16, 2, 12, 251.17, 7, nothing, Any[604], 2023-02-22T20:57:04.596, 75834034, 3
Q, MSFT, 15, 251.16, 2, 12, 251.17, 8, nothing, Any[604], 2023-02-22T20:57:04.596, 75834040, 3
Q, MSFT, 15, 251.16, 2, 12, 251.17, 7, nothing, Any[604], 2023-02-22T20:57:04.596, 75834041, 3
Q, MSFT, 10, 251.15, 2, 12, 251.17, 7, nothing, Any[604], 2023-02-22T20:57:04.596, 75834053, 3
Q, MSFT, 10, 251.15, 2, 12, 251.16, 1, nothing, Any[604], 2023-02-22T20:57:04.597, 75834058, 3
Q, MSFT, 10, 251.15, 2, 19, 251.16, 1, nothing, Any[604], 2023-02-22T20:57:04.597, 75834080, 3
Q, MSFT, 12, 251.15, 2, 19, 251.16, 1, nothing, Any[502, 604], 2023-02-22T20:57:04.597, 75834082, 3
Q, MSFT, 12, 251.15, 2, 12, 251.17, 6, nothing, Any[604], 2023-02-22T20:57:04.598, 75834098, 3
Q, MSFT, 12, 251.15, 2, 12, 251.16, 1, nothing, Any[602], 2023-02-22T20:57:04.598, 75834099, 3
Q, MSFT, 10, 251.15, 2, 12, 251.17, 6, nothing, Any[604], 2023-02-22T20:57:04.602, 75834133, 3
Q, AMD, 20, 76.5, 1, 12, 76.51, 13, nothing, Any[604], 2023-02-22T20:57:04.623, 92088053, 3
Q, AMD, 20, 76.5, 1, 8, 76.51, 12, nothing, Any[604], 2023-02-22T20:57:04.623, 92088055, 3
Q, AMD, 20, 76.5, 1, 12, 76.51, 12, nothing, Any[604], 2023-02-22T20:57:04.623, 92088057, 3
Q, AMD, 20, 76.5, 1, 12, 76.51, 13, nothing, Any[604], 2023-02-22T20:57:04.675, 92088293, 3
Q, NVDA, 17, 207.57, 1, 12, 207.6, 3, nothing, Any[604], 2023-02-22T20:57:04.430, 75833273, 3
Q, NVDA, 12, 207.57, 3, 12, 207.6, 3, nothing, Any[602], 2023-02-22T20:57:04.441, 75833434, 3
Q, NVDA, 17, 207.57, 1, 12, 207.6, 3, nothing, Any[604], 2023-02-22T20:57:04.442, 75833440, 3
Q, NVDA, 12, 207.57, 3, 12, 207.6, 3, nothing, Any[602], 2023-02-22T20:57:04.453, 75833547, 3
Q, NVDA, 19, 207.57, 1, 12, 207.6, 3, nothing, Any[604], 2023-02-22T20:57:04.526, 75833745, 3
Q, NVDA, 12, 207.56, 3, 12, 207.6, 3, nothing, Any[604], 2023-02-22T20:57:04.527, 75833762, 3
Q, NVDA, 12, 207.56, 3, 12, 207.6, 4, nothing, Any[602], 2023-02-22T20:57:04.578, 75833955, 3
Q, NVDA, 12, 207.56, 3, 12, 207.6, 3, nothing, Any[602], 2023-02-22T20:57:04.582, 75834001, 3
Q, NVDA, 12, 207.56, 3, 12, 207.6, 2, nothing, Any[602], 2023-02-22T20:57:04.635, 75834217, 3
Q, NVDA, 21, 207.57, 1, 12, 207.6, 2, nothing, Any[604], 2023-02-22T20:57:04.635, 75834224, 3
Q, NVDA, 12, 207.57, 2, 12, 207.6, 2, nothing, Any[602], 2023-02-22T20:57:04.636, 75834239, 3
Q, NVDA, 12, 207.57, 2, 12, 207.58, 1, nothing, Any[602], 2023-02-22T20:57:04.640, 75834253, 3
Q, NVDA, 19, 207.57, 1, 12, 207.58, 1, nothing, Any[604], 2023-02-22T20:57:04.641, 75834254, 3
Q, NVDA, 21, 207.57, 1, 12, 207.58, 1, nothing, Any[604], 2023-02-22T20:57:04.642, 75834265, 3
Q, NVDA, 12, 207.56, 3, 12, 207.58, 1, nothing, Any[604], 2023-02-22T20:57:04.642, 75834267, 3
Q, PLTR, 10, 8.36, 685, 11, 8.37, 170, 1, Any[1, 605], 2023-02-22T20:57:04.740, 46171010, 1
Q, PLTR, 10, 8.36, 655, 11, 8.37, 170, 1, Any[501, 1, 605], 2023-02-22T20:57:04.740, 46171012, 1
Q, PLTR, 10, 8.36, 655, 10, 8.37, 161, 1, Any[1, 605], 2023-02-22T20:57:04.742, 46171019, 1
Q, PLTR, 10, 8.36, 698, 11, 8.37, 167, 1, Any[1, 605], 2023-02-22T20:57:04.742, 46171026, 1
Q, PLTR, 10, 8.36, 655, 11, 8.37, 167, 1, Any[501, 1, 605], 2023-02-22T20:57:04.742, 46171029, 1
Q, PLTR, 10, 8.36, 704, 11, 8.37, 167, 1, Any[501, 1, 605], 2023-02-22T20:57:04.744, 46171037, 1
Q, AMZN, 17, 95.7, 2, 12, 95.71, 14, nothing, Any[604], 2023-02-22T20:57:04.497, 92087520, 3
Q, AMZN, 17, 95.7, 2, 12, 95.71, 13, nothing, Any[604], 2023-02-22T20:57:04.510, 92087538, 3
Q, AMZN, 21, 95.7, 4, 12, 95.71, 13, nothing, Any[604], 2023-02-22T20:57:04.514, 92087592, 3
Q, AMZN, 17, 95.7, 2, 12, 95.71, 13, nothing, Any[604], 2023-02-22T20:57:04.514, 92087595, 3
Q, AMZN, 8, 95.7, 4, 12, 95.71, 13, nothing, Any[604], 2023-02-22T20:57:04.514, 92087601, 3
Q, AMZN, 21, 95.7, 3, 12, 95.71, 13, nothing, Any[604], 2023-02-22T20:57:04.514, 92087604, 3
Q, AMZN, 19, 95.7, 4, 12, 95.71, 13, nothing, Any[604], 2023-02-22T20:57:04.514, 92087606, 3
Q, AMZN, 21, 95.7, 3, 12, 95.71, 13, nothing, Any[604], 2023-02-22T20:57:04.514, 92087607, 3
Q, AMZN, 17, 95.7, 2, 12, 95.71, 13, nothing, Any[604], 2023-02-22T20:57:04.579, 92087898, 3
Q, AMZN, 8, 95.7, 4, 12, 95.71, 13, nothing, Any[604], 2023-02-22T20:57:04.592, 92087930, 3
Q, AMZN, 21, 95.7, 5, 12, 95.71, 13, nothing, Any[604], 2023-02-22T20:57:04.592, 92087932, 3
Q, AMZN, 8, 95.7, 4, 12, 95.71, 13, nothing, Any[604], 2023-02-22T20:57:04.592, 92087933, 3
Q, AMZN, 21, 95.7, 3, 12, 95.71, 13, nothing, Any[604], 2023-02-22T20:57:04.592, 92087934, 3
Q, AMZN, 19, 95.7, 4, 12, 95.71, 13, nothing, Any[604], 2023-02-22T20:57:04.592, 92087936, 3
Q, AMZN, 21, 95.7, 3, 12, 95.71, 13, nothing, Any[604], 2023-02-22T20:57:04.592, 92087937, 3
Q, AMZN, 21, 95.7, 3, 12, 95.71, 14, nothing, Any[604], 2023-02-22T20:57:04.661, 92088235, 3
Q, AMZN, 21, 95.7, 3, 12, 95.71, 13, nothing, Any[604], 2023-02-22T20:57:04.661, 92088237, 3
Q, AMZN, 21, 95.7, 3, 12, 95.71, 14, nothing, Any[604], 2023-02-22T20:57:04.661, 92088247, 3
Q, AMZN, 21, 95.7, 3, 12, 95.71, 13, nothing, Any[604], 2023-02-22T20:57:04.661, 92088248, 3
Q, AMZN, 21, 95.7, 3, 12, 95.71, 14, nothing, Any[604], 2023-02-22T20:57:04.694, 92088333, 3
Q, AMZN, 21, 95.7, 3, 12, 95.71, 13, nothing, Any[604], 2023-02-22T20:57:04.695, 92088335, 3
Q, AMZN, 21, 95.7, 3, 12, 95.71, 14, nothing, Any[604], 2023-02-22T20:57:04.695, 92088341, 3
Q, AMZN, 19, 95.7, 2, 12, 95.71, 14, nothing, Any[604], 2023-02-22T20:57:04.695, 92088342, 3
Q, AMZN, 19, 95.7, 2, 12, 95.71, 13, nothing, Any[604], 2023-02-22T20:57:04.695, 92088344, 3
Q, AMZN, 19, 95.7, 2, 12, 95.71, 14, nothing, Any[604], 2023-02-22T20:57:04.695, 92088352, 3
Q, AMZN, 19, 95.7, 2, 12, 95.71, 13, nothing, Any[604], 2023-02-22T20:57:04.695, 92088353, 3
Q, AMZN, 19, 95.7, 2, 12, 95.71, 14, nothing, Any[604], 2023-02-22T20:57:04.713, 92088404, 3
Q, AMZN, 19, 95.7, 2, 12, 95.71, 13, nothing, Any[604], 2023-02-22T20:57:04.713, 92088406, 3
Q, AMZN, 19, 95.7, 2, 12, 95.71, 14, nothing, Any[604], 2023-02-22T20:57:04.714, 92088413, 3
Q, AMZN, 19, 95.7, 2, 12, 95.71, 13, nothing, Any[604], 2023-02-22T20:57:04.714, 92088415, 3
Q, AMZN, 19, 95.7, 2, 12, 95.71, 14, nothing, Any[604], 2023-02-22T20:57:04.714, 92088424, 3
Q, AMZN, 19, 95.7, 2, 12, 95.71, 13, nothing, Any[604], 2023-02-22T20:57:04.714, 92088426, 3
Q, AMZN, 19, 95.7, 2, 12, 95.71, 14, nothing, Any[604], 2023-02-22T20:57:04.714, 92088470, 3
Q, AMZN, 19, 95.7, 2, 12, 95.71, 13, nothing, Any[604], 2023-02-22T20:57:04.715, 92088476, 3
Q, AMZN, 19, 95.7, 2, 12, 95.71, 14, nothing, Any[604], 2023-02-22T20:57:04.715, 92088517, 3
Q, AMZN, 19, 95.7, 2, 12, 95.71, 13, nothing, Any[604], 2023-02-22T20:57:04.715, 92088522, 3
Q, AMZN, 19, 95.7, 2, 12, 95.71, 12, nothing, Any[604], 2023-02-22T20:57:04.716, 92088604, 3
Q, AMZN, 19, 95.7, 2, 12, 95.71, 13, nothing, Any[604], 2023-02-22T20:57:04.723, 92088758, 3
Q, AMZN, 19, 95.7, 2, 12, 95.71, 14, nothing, Any[604], 2023-02-22T20:57:04.723, 92088759, 3
Q, AMZN, 19, 95.7, 2, 12, 95.71, 13, nothing, Any[604], 2023-02-22T20:57:04.723, 92088760, 3
Q, AMZN, 19, 95.7, 2, 12, 95.71, 12, nothing, Any[604], 2023-02-22T20:57:04.723, 92088809, 3
Q, AMZN, 19, 95.7, 2, 12, 95.71, 15, nothing, Any[604], 2023-02-22T20:57:04.723, 92088810, 3
Q, AMZN, 21, 95.7, 2, 12, 95.71, 15, nothing, Any[604], 2023-02-22T20:57:04.725, 92088850, 3
Q, AMZN, 15, 95.7, 2, 12, 95.71, 15, nothing, Any[604], 2023-02-22T20:57:04.758, 92089109, 3
Q, AMZN, 15, 95.7, 2, 12, 95.71, 16, nothing, Any[604], 2023-02-22T20:57:04.761, 92089135, 3
Q, AMZN, 15, 95.7, 2, 12, 95.71, 17, nothing, Any[604], 2023-02-22T20:57:04.761, 92089136, 3
Q, META, 21, 171, 1, 12, 171.02, 3, nothing, Any[604], 2023-02-22T20:57:04.717, 75834493, 3
Q, META, 21, 171, 1, 12, 171.02, 4, nothing, Any[604], 2023-02-22T20:57:04.717, 75834496, 3
Q, META, 21, 171, 1, 12, 171.02, 5, nothing, Any[604], 2023-02-22T20:57:04.717, 75834499, 3
Q, META, 21, 171, 1, 12, 171.01, 1, nothing, Any[604], 2023-02-22T20:57:04.717, 75834501, 3
Q, META, 11, 170.99, 1, 12, 171.01, 1, nothing, Any[604], 2023-02-22T20:57:04.717, 75834508, 3
Q, META, 11, 170.99, 1, 21, 171.01, 2, nothing, Any[604], 2023-02-22T20:57:04.717, 75834513, 3
Q, META, 12, 171, 1, 21, 171.01, 2, nothing, Any[604], 2023-02-22T20:57:04.717, 75834516, 3
Q, META, 12, 171, 1, 10, 171.01, 4, nothing, Any[604], 2023-02-22T20:57:04.717, 75834521, 3
Q, META, 11, 170.99, 1, 10, 171.01, 4, nothing, Any[604], 2023-02-22T20:57:04.717, 75834526, 3
Q, META, 11, 170.99, 1, 12, 171, 1, nothing, Any[604], 2023-02-22T20:57:04.718, 75834532, 3
Q, META, 11, 170.99, 1, 12, 171, 2, nothing, Any[604], 2023-02-22T20:57:04.718, 75834533, 3
Q, META, 15, 170.99, 2, 12, 171, 2, nothing, Any[604], 2023-02-22T20:57:04.718, 75834547, 3
Q, META, 11, 170.99, 1, 12, 171, 2, nothing, Any[604], 2023-02-22T20:57:04.718, 75834552, 3
Q, META, 11, 170.99, 1, 12, 171, 1, nothing, Any[604], 2023-02-22T20:57:04.722, 75834619, 3
Q, META, 11, 170.99, 1, 21, 171, 1, nothing, Any[604], 2023-02-22T20:57:04.722, 75834620, 3
Q, META, 11, 170.99, 1, 10, 171.01, 5, nothing, Any[604], 2023-02-22T20:57:04.722, 75834621, 3
Q, META, 11, 170.99, 1, 10, 171.01, 4, nothing, Any[604], 2023-02-22T20:57:04.722, 75834627, 3
Q, META, 11, 170.99, 1, 21, 171, 1, nothing, Any[604], 2023-02-22T20:57:04.723, 75834743, 3
Q, META, 11, 170.99, 1, 12, 171.01, 1, nothing, Any[604], 2023-02-22T20:57:04.724, 75834792, 3
Q, META, 11, 170.99, 1, 9, 171.01, 3, nothing, Any[604], 2023-02-22T20:57:04.746, 75835071, 3
Q, META, 11, 170.99, 1, 12, 171.01, 1, nothing, Any[604], 2023-02-22T20:57:04.813, 75835390, 3
Q, META, 11, 170.99, 1, 10, 171.01, 4, nothing, Any[604], 2023-02-22T20:57:04.813, 75835391, 3
Q, META, 11, 170.99, 1, 10, 171.01, 5, nothing, Any[604], 2023-02-22T20:57:04.813, 75835393, 3
Q, META, 12, 170.99, 1, 10, 171.01, 5, nothing, Any[604], 2023-02-22T20:57:04.813, 75835395, 3
Q, META, 12, 170.99, 1, 10, 171.01, 4, nothing, Any[604], 2023-02-22T20:57:04.814, 75835398, 3
Q, META, 12, 170.99, 1, 21, 171, 1, nothing, Any[604], 2023-02-22T20:57:04.814, 75835402, 3
Q, META, 12, 170.99, 1, 10, 171.01, 4, nothing, Any[604], 2023-02-22T20:57:04.832, 75835426, 3
Q, META, 11, 170.99, 2, 10, 171.01, 4, nothing, Any[604], 2023-02-22T20:57:04.901, 75835550, 3
Q, AAPL, 21, 148.48, 1, 12, 148.49, 14, nothing, Any[604], 2023-02-22T20:57:04.597, 92087945, 3
Q, AAPL, 21, 148.48, 1, 12, 148.49, 15, nothing, Any[604], 2023-02-22T20:57:04.597, 92087951, 3
Q, AAPL, 21, 148.48, 1, 12, 148.49, 16, nothing, Any[604], 2023-02-22T20:57:04.597, 92087953, 3
Q, AAPL, 12, 148.47, 13, 12, 148.49, 16, nothing, Any[604], 2023-02-22T20:57:04.597, 92087954, 3
Q, AAPL, 12, 148.47, 13, 12, 148.49, 17, nothing, Any[602], 2023-02-22T20:57:04.597, 92087955, 3
Q, AAPL, 12, 148.47, 13, 12, 148.49, 16, nothing, Any[602], 2023-02-22T20:57:04.598, 92087963, 3
Q, AAPL, 12, 148.47, 13, 12, 148.49, 15, nothing, Any[602], 2023-02-22T20:57:04.598, 92087965, 3
Q, AAPL, 12, 148.47, 13, 12, 148.49, 16, nothing, Any[602], 2023-02-22T20:57:04.714, 92088435, 3
Q, AAPL, 12, 148.47, 13, 12, 148.49, 17, nothing, Any[602], 2023-02-22T20:57:04.714, 92088438, 3
Q, AAPL, 12, 148.47, 13, 12, 148.48, 1, nothing, Any[602], 2023-02-22T20:57:04.714, 92088440, 3
Q, AAPL, 12, 148.47, 12, 12, 148.48, 1, nothing, Any[602], 2023-02-22T20:57:04.714, 92088442, 3
Q, AAPL, 12, 148.47, 11, 12, 148.48, 1, nothing, Any[602], 2023-02-22T20:57:04.714, 92088443, 3
Q, AAPL, 12, 148.47, 8, 12, 148.48, 1, nothing, Any[602], 2023-02-22T20:57:04.714, 92088447, 3
Q, AAPL, 12, 148.47, 8, 12, 148.48, 2, nothing, Any[602], 2023-02-22T20:57:04.714, 92088453, 3
Q, AAPL, 12, 148.47, 8, 21, 148.48, 4, nothing, Any[604], 2023-02-22T20:57:04.715, 92088513, 3
Q, AAPL, 12, 148.47, 8, 12, 148.48, 2, nothing, Any[604], 2023-02-22T20:57:04.715, 92088525, 3
Q, AAPL, 12, 148.47, 7, 12, 148.48, 2, nothing, Any[602], 2023-02-22T20:57:04.715, 92088541, 3
Q, AAPL, 12, 148.47, 7, 12, 148.48, 3, nothing, Any[602], 2023-02-22T20:57:04.715, 92088542, 3
Q, AAPL, 12, 148.47, 6, 12, 148.48, 3, nothing, Any[602], 2023-02-22T20:57:04.715, 92088549, 3
Q, AAPL, 12, 148.47, 6, 12, 148.48, 4, nothing, Any[602], 2023-02-22T20:57:04.716, 92088583, 3
Q, AAPL, 12, 148.47, 6, 12, 148.48, 5, nothing, Any[602], 2023-02-22T20:57:04.723, 92088787, 3
Q, AAPL, 12, 148.47, 6, 12, 148.48, 4, nothing, Any[602], 2023-02-22T20:57:04.724, 92088834, 3
Q, AAPL, 12, 148.47, 7, 12, 148.48, 4, nothing, Any[602], 2023-02-22T20:57:04.725, 92088859, 3
Q, AAPL, 12, 148.47, 7, 21, 148.48, 3, nothing, Any[604], 2023-02-22T20:57:04.725, 92088860, 3
Q, AAPL, 12, 148.47, 7, 12, 148.48, 3, nothing, Any[604], 2023-02-22T20:57:04.725, 92088862, 3
Q, AAPL, 12, 148.47, 7, 12, 148.48, 2, nothing, Any[602], 2023-02-22T20:57:04.727, 92088881, 3
Q, AAPL, 12, 148.47, 7, 21, 148.48, 4, nothing, Any[604], 2023-02-22T20:57:04.739, 92088967, 3
Q, AAPL, 12, 148.47, 6, 21, 148.48, 4, nothing, Any[604], 2023-02-22T20:57:04.739, 92088973, 3
Q, AAPL, 12, 148.47, 6, 21, 148.48, 5, nothing, Any[604], 2023-02-22T20:57:04.739, 92088975, 3
Q, AAPL, 12, 148.47, 6, 21, 148.48, 3, nothing, Any[604], 2023-02-22T20:57:04.739, 92088979, 3
Q, AAPL, 12, 148.47, 6, 12, 148.48, 2, nothing, Any[604], 2023-02-22T20:57:04.790, 92089309, 3
Q, AAPL, 12, 148.47, 7, 12, 148.48, 2, nothing, Any[602], 2023-02-22T20:57:04.790, 92089315, 3
Q, AAPL, 12, 148.47, 7, 12, 148.48, 1, nothing, Any[602], 2023-02-22T20:57:04.791, 92089387, 3
Q, AAPL, 12, 148.47, 8, 12, 148.48, 1, nothing, Any[602], 2023-02-22T20:57:04.874, 92089798, 3
Q, AAPL, 12, 148.47, 8, 12, 148.49, 17, nothing, Any[602], 2023-02-22T20:57:04.879, 92089828, 3
Q, AAPL, 12, 148.47, 9, 12, 148.49, 17, nothing, Any[602], 2023-02-22T20:57:04.879, 92089829, 3
Q, AAPL, 12, 148.48, 1, 12, 148.49, 17, nothing, Any[602], 2023-02-22T20:57:04.879, 92089830, 3
Q, AAPL, 12, 148.48, 2, 12, 148.49, 17, nothing, Any[602], 2023-02-22T20:57:04.879, 92089831, 3
Q, AAPL, 12, 148.48, 2, 12, 148.49, 16, nothing, Any[602], 2023-02-22T20:57:04.879, 92089837, 3
Q, AAPL, 21, 148.48, 4, 12, 148.49, 16, nothing, Any[604], 2023-02-22T20:57:04.879, 92089852, 3
Q, AAPL, 21, 148.48, 5, 12, 148.49, 16, nothing, Any[604], 2023-02-22T20:57:04.879, 92089863, 3
Q, AAPL, 21, 148.48, 5, 12, 148.49, 15, nothing, Any[604], 2023-02-22T20:57:04.879, 92089864, 3
Q, AAPL, 21, 148.48, 3, 12, 148.49, 15, nothing, Any[604], 2023-02-22T20:57:04.879, 92089865, 3
Q, AAPL, 21, 148.48, 3, 12, 148.49, 14, nothing, Any[604], 2023-02-22T20:57:04.887, 92089947, 3
Q, AAPL, 21, 148.48, 4, 12, 148.49, 14, nothing, Any[604], 2023-02-22T20:57:04.891, 92090000, 3
Q, AAPL, 21, 148.48, 4, 12, 148.49, 13, nothing, Any[604], 2023-02-22T20:57:04.896, 92090012, 3
Q, AAPL, 19, 148.48, 2, 12, 148.49, 13, nothing, Any[604], 2023-02-22T20:57:04.924, 92090155, 3
Q, AAPL, 21, 148.48, 2, 12, 148.49, 13, nothing, Any[604], 2023-02-22T20:57:04.924, 92090162, 3
Q, AAPL, 21, 148.48, 1, 12, 148.49, 13, nothing, Any[604], 2023-02-22T20:57:04.924, 92090173, 3
Q, AAPL, 21, 148.48, 1, 12, 148.49, 14, nothing, Any[604], 2023-02-22T20:57:04.924, 92090176, 3
Q, AAPL, 21, 148.48, 1, 12, 148.49, 15, nothing, Any[604], 2023-02-22T20:57:04.925, 92090196, 3
Q, AAPL, 21, 148.48, 1, 12, 148.49, 16, nothing, Any[604], 2023-02-22T20:57:04.925, 92090198, 3
Q, AAPL, 21, 148.48, 1, 12, 148.49, 17, nothing, Any[604], 2023-02-22T20:57:04.925, 92090201, 3
Q, AAPL, 12, 148.47, 12, 12, 148.49, 17, nothing, Any[604], 2023-02-22T20:57:04.925, 92090203, 3
Q, AAPL, 12, 148.47, 12, 19, 148.48, 1, nothing, Any[604], 2023-02-22T20:57:04.925, 92090219, 3
Q, AAPL, 12, 148.47, 12, 12, 148.49, 16, nothing, Any[604], 2023-02-22T20:57:04.943, 92090331, 3
Q, AAPL, 12, 148.47, 12, 12, 148.49, 15, nothing, Any[602], 2023-02-22T20:57:04.945, 92090349, 3
Q, TSLA, 11, 200.78, 3, 21, 200.8, 1, nothing, Any[604], 2023-02-22T20:57:04.498, 133840779, 3
Q, TSLA, 11, 200.78, 2, 21, 200.8, 1, nothing, Any[604], 2023-02-22T20:57:04.498, 133840796, 3
Q, TSLA, 11, 200.78, 2, 10, 200.8, 2, nothing, Any[604], 2023-02-22T20:57:04.498, 133840810, 3
Q, TSLA, 11, 200.78, 2, 12, 200.8, 1, nothing, Any[604], 2023-02-22T20:57:04.498, 133840820, 3
Q, TSLA, 11, 200.78, 2, 10, 200.8, 2, nothing, Any[604], 2023-02-22T20:57:04.498, 133840826, 3
Q, TSLA, 11, 200.78, 2, 12, 200.8, 1, nothing, Any[604], 2023-02-22T20:57:04.498, 133840828, 3
Q, TSLA, 12, 200.78, 1, 12, 200.8, 1, nothing, Any[604], 2023-02-22T20:57:04.499, 133840848, 3
Q, TSLA, 12, 200.78, 2, 12, 200.8, 1, nothing, Any[602], 2023-02-22T20:57:04.578, 133841374, 3
Q, TSLA, 12, 200.78, 3, 12, 200.8, 1, nothing, Any[602], 2023-02-22T20:57:04.580, 133841388, 3
Q, TSLA, 12, 200.78, 3, 12, 200.81, 11, nothing, Any[602], 2023-02-22T20:57:04.642, 133841551, 3
Q, TSLA, 12, 200.78, 3, 12, 200.8, 1, nothing, Any[602], 2023-02-22T20:57:04.642, 133841554, 3
Q, TSLA, 12, 200.78, 3, 12, 200.81, 11, nothing, Any[602], 2023-02-22T20:57:04.643, 133841560, 3
Q, TSLA, 1, 200.78, 4, 12, 200.81, 11, nothing, Any[604], 2023-02-22T20:57:04.643, 133841568, 3
Q, TSLA, 12, 200.78, 3, 12, 200.81, 11, nothing, Any[604], 2023-02-22T20:57:04.643, 133841570, 3
Q, TSLA, 12, 200.78, 3, 12, 200.8, 1, nothing, Any[602], 2023-02-22T20:57:04.713, 133841712, 3
Q, TSLA, 12, 200.78, 3, 12, 200.79, 1, nothing, Any[602], 2023-02-22T20:57:04.739, 133842446, 3
Q, TSLA, 12, 200.78, 3, 12, 200.8, 2, nothing, Any[602], 2023-02-22T20:57:04.739, 133842462, 3
Q, TSLA, 12, 200.78, 3, 12, 200.8, 3, nothing, Any[602], 2023-02-22T20:57:04.740, 133842506, 3
Q, TSLA, 12, 200.78, 2, 12, 200.8, 3, nothing, Any[602], 2023-02-22T20:57:04.740, 133842507, 3
Q, TSLA, 12, 200.78, 1, 12, 200.8, 3, nothing, Any[602], 2023-02-22T20:57:04.740, 133842509, 3
Q, TSLA, 12, 200.76, 4, 12, 200.8, 3, nothing, Any[602], 2023-02-22T20:57:04.740, 133842510, 3
Q, TSLA, 12, 200.76, 3, 12, 200.8, 3, nothing, Any[602], 2023-02-22T20:57:04.740, 133842513, 3
Q, TSLA, 12, 200.76, 3, 12, 200.79, 1, nothing, Any[602], 2023-02-22T20:57:04.740, 133842514, 3
Q, TSLA, 12, 200.77, 1, 12, 200.79, 1, nothing, Any[602], 2023-02-22T20:57:04.740, 133842532, 3
Q, TSLA, 12, 200.76, 4, 21, 200.79, 1, nothing, Any[604], 2023-02-22T20:57:04.740, 133842602, 3
Q, TSLA, 12, 200.76, 4, 21, 200.79, 4, nothing, Any[604], 2023-02-22T20:57:04.740, 133842624, 3
Q, TSLA, 12, 200.76, 4, 12, 200.79, 1, nothing, Any[604], 2023-02-22T20:57:04.740, 133842637, 3
Q, TSLA, 12, 200.76, 4, 19, 200.79, 2, nothing, Any[604], 2023-02-22T20:57:04.740, 133842649, 3
Q, TSLA, 12, 200.76, 4, 10, 200.79, 2, nothing, Any[604], 2023-02-22T20:57:04.740, 133842687, 3
Q, TSLA, 12, 200.76, 4, 12, 200.79, 1, nothing, Any[604], 2023-02-22T20:57:04.740, 133842691, 3
Q, TSLA, 12, 200.76, 4, 10, 200.79, 2, nothing, Any[604], 2023-02-22T20:57:04.741, 133842731, 3
Q, TSLA, 12, 200.76, 4, 12, 200.79, 1, nothing, Any[604], 2023-02-22T20:57:04.741, 133842732, 3
Q, TSLA, 12, 200.76, 4, 21, 200.79, 1, nothing, Any[604], 2023-02-22T20:57:04.744, 133842768, 3
Q, TSLA, 12, 200.78, 1, 21, 200.79, 1, nothing, Any[604], 2023-02-22T20:57:04.744, 133842774, 3
Q, TSLA, 12, 200.78, 1, 8, 200.8, 3, nothing, Any[604], 2023-02-22T20:57:04.745, 133842801, 3
Q, TSLA, 12, 200.77, 1, 8, 200.8, 3, nothing, Any[604], 2023-02-22T20:57:04.748, 133843013, 3
Q, TSLA, 12, 200.77, 1, 21, 200.8, 3, nothing, Any[604], 2023-02-22T20:57:04.749, 133843022, 3
Q, TSLA, 12, 200.77, 1, 12, 200.79, 1, nothing, Any[602], 2023-02-22T20:57:04.750, 133843031, 3
Q, TSLA, 12, 200.76, 4, 12, 200.79, 1, nothing, Any[602], 2023-02-22T20:57:04.750, 133843034, 3
Q, TSLA, 12, 200.76, 4, 12, 200.78, 1, nothing, Any[602], 2023-02-22T20:57:04.760, 133843130, 3
Q, TSLA, 12, 200.76, 3, 12, 200.78, 1, nothing, Any[602], 2023-02-22T20:57:04.761, 133843135, 3
Q, TSLA, 12, 200.76, 4, 12, 200.78, 1, nothing, Any[602], 2023-02-22T20:57:04.761, 133843164, 3
Q, TSLA, 12, 200.76, 4, 12, 200.79, 1, nothing, Any[602], 2023-02-22T20:57:04.790, 133843391, 3
Q, TSLA, 12, 200.76, 6, 12, 200.79, 1, nothing, Any[602], 2023-02-22T20:57:04.790, 133843393, 3
Q, TSLA, 12, 200.77, 1, 12, 200.79, 1, nothing, Any[602], 2023-02-22T20:57:04.790, 133843402, 3
Q, TSLA, 12, 200.77, 1, 12, 200.79, 2, nothing, Any[602], 2023-02-22T20:57:04.790, 133843407, 3
Q, TSLA, 12, 200.77, 1, 12, 200.79, 1, nothing, Any[602], 2023-02-22T20:57:04.790, 133843418, 3
Q, TSLA, 12, 200.77, 1, 12, 200.79, 2, nothing, Any[602], 2023-02-22T20:57:04.790, 133843443, 3
Q, TSLA, 12, 200.77, 1, 12, 200.79, 1, nothing, Any[602], 2023-02-22T20:57:04.795, 133843674, 3
Q, TSLA, 21, 200.77, 1, 12, 200.79, 1, nothing, Any[604], 2023-02-22T20:57:04.796, 133843683, 3
Q, TSLA, 21, 200.77, 1, 21, 200.79, 1, nothing, Any[604], 2023-02-22T20:57:04.803, 133843729, 3
Q, TSLA, 15, 200.77, 2, 21, 200.79, 1, nothing, Any[604], 2023-02-22T20:57:04.804, 133843762, 3
Q, TSLA, 21, 200.77, 1, 21, 200.79, 1, nothing, Any[604], 2023-02-22T20:57:04.804, 133843764, 3
Q, TSLA, 12, 200.77, 1, 8, 200.8, 3, nothing, Any[604], 2023-02-22T20:57:04.808, 133843782, 3
Q, TSLA, 21, 200.77, 1, 8, 200.8, 3, nothing, Any[604], 2023-02-22T20:57:04.808, 133843785, 3
Q, TSLA, 12, 200.78, 1, 8, 200.8, 3, nothing, Any[604], 2023-02-22T20:57:04.809, 133843788, 3
Q, TSLA, 12, 200.78, 1, 15, 200.8, 1, nothing, Any[604], 2023-02-22T20:57:04.809, 133843802, 3
Q, TSLA, 12, 200.78, 1, 21, 200.8, 5, nothing, Any[604], 2023-02-22T20:57:04.809, 133843809, 3
Q, TSLA, 12, 200.78, 1, 15, 200.8, 1, nothing, Any[604], 2023-02-22T20:57:04.809, 133843811, 3
Q, TSLA, 12, 200.78, 1, 21, 200.8, 1, nothing, Any[604], 2023-02-22T20:57:04.809, 133843826, 3
Q, TSLA, 21, 200.78, 1, 21, 200.8, 1, nothing, Any[604], 2023-02-22T20:57:04.812, 133843865, 3
Q, TSLA, 12, 200.77, 1, 21, 200.8, 1, nothing, Any[604], 2023-02-22T20:57:04.825, 133843883, 3
Q, TSLA, 12, 200.77, 2, 21, 200.8, 1, nothing, Any[604], 2023-02-22T20:57:04.853, 133843949, 3
Q, TSLA, 21, 200.78, 1, 21, 200.8, 1, nothing, Any[602], 2023-02-22T20:57:04.854, 133843952, 3
Q, TSLA, 21, 200.78, 1, 12, 200.81, 11, nothing, Any[604], 2023-02-22T20:57:04.888, 133844068, 3
Q, TSLA, 21, 200.78, 1, 12, 200.8, 1, nothing, Any[604], 2023-02-22T20:57:04.911, 133844147, 3
Q, TSLA, 12, 200.78, 1, 12, 200.8, 1, nothing, Any[604], 2023-02-22T20:57:04.926, 133844257, 3
Q, TSLA, 12, 200.78, 2, 21, 200.8, 1, nothing, Any[604], 2023-02-22T20:57:04.928, 133844280, 3
Q, TSLA, 12, 200.78, 2, 12, 200.8, 1, nothing, Any[604], 2023-02-22T20:57:04.934, 133844298, 3
Q, TSLA, 12, 200.78, 3, 12, 200.8, 1, nothing, Any[602], 2023-02-22T20:57:04.944, 133844318, 3
Q, TSLA, 12, 200.78, 2, 12, 200.8, 1, nothing, Any[602], 2023-02-22T20:57:04.944, 133844319, 3
Q, TSLA, 12, 200.78, 3, 12, 200.8, 1, nothing, Any[602], 2023-02-22T20:57:04.944, 133844320, 3
Q, TSLA, 12, 200.78, 2, 12, 200.8, 1, nothing, Any[602], 2023-02-22T20:57:04.944, 133844321, 3
Q, MSFT, 12, 251.15, 2, 12, 251.17, 6, nothing, Any[604], 2023-02-22T20:57:04.683, 75834339, 3
Q, AMD, 12, 76.5, 1, 12, 76.51, 13, nothing, Any[604], 2023-02-22T20:57:04.714, 92088434, 3
Q, AMD, 12, 76.5, 1, 12, 76.51, 15, nothing, Any[602], 2023-02-22T20:57:04.715, 92088543, 3
Q, AMD, 12, 76.5, 1, 12, 76.51, 16, nothing, Any[602], 2023-02-22T20:57:04.715, 92088544, 3
Q, AMD, 12, 76.5, 1, 12, 76.51, 17, nothing, Any[602], 2023-02-22T20:57:04.715, 92088548, 3
Q, AMD, 19, 76.49, 9, 12, 76.51, 17, nothing, Any[604], 2023-02-22T20:57:04.715, 92088550, 3
Q, AMD, 19, 76.49, 9, 12, 76.5, 1, nothing, Any[604], 2023-02-22T20:57:04.715, 92088553, 3
Q, AMD, 19, 76.49, 9, 12, 76.5, 2, nothing, Any[604], 2023-02-22T20:57:04.715, 92088555, 3
Q, AMD, 19, 76.49, 9, 12, 76.5, 4, nothing, Any[604], 2023-02-22T20:57:04.715, 92088556, 3
Q, AMD, 19, 76.49, 9, 12, 76.5, 6, nothing, Any[604], 2023-02-22T20:57:04.715, 92088561, 3
Q, AMD, 19, 76.49, 9, 12, 76.5, 8, nothing, Any[604], 2023-02-22T20:57:04.715, 92088565, 3
Q, AMD, 19, 76.49, 9, 12, 76.5, 9, nothing, Any[604], 2023-02-22T20:57:04.715, 92088568, 3
Q, AMD, 19, 76.49, 9, 21, 76.5, 14, nothing, Any[604], 2023-02-22T20:57:04.716, 92088594, 3
Q, AMD, 19, 76.49, 9, 8, 76.5, 18, nothing, Any[604], 2023-02-22T20:57:04.716, 92088595, 3
Q, AMD, 11, 76.49, 8, 8, 76.5, 18, nothing, Any[604], 2023-02-22T20:57:04.716, 92088600, 3
Q, AMD, 11, 76.49, 8, 8, 76.5, 19, nothing, Any[604], 2023-02-22T20:57:04.716, 92088606, 3
Q, AMD, 11, 76.49, 8, 21, 76.5, 14, nothing, Any[604], 2023-02-22T20:57:04.716, 92088611, 3
Q, AMD, 11, 76.49, 8, 21, 76.5, 15, nothing, Any[604], 2023-02-22T20:57:04.716, 92088613, 3
Q, AMD, 11, 76.49, 8, 21, 76.5, 16, nothing, Any[604], 2023-02-22T20:57:04.716, 92088614, 3
Q, AMD, 11, 76.49, 8, 8, 76.5, 10, nothing, Any[604], 2023-02-22T20:57:04.716, 92088615, 3
Q, AMD, 11, 76.49, 7, 8, 76.5, 10, nothing, Any[604], 2023-02-22T20:57:04.716, 92088629, 3
Q, AMD, 10, 76.49, 7, 8, 76.5, 10, nothing, Any[604], 2023-02-22T20:57:04.716, 92088633, 3
Q, AMD, 11, 76.49, 8, 8, 76.5, 10, nothing, Any[604], 2023-02-22T20:57:04.716, 92088652, 3
Q, MSFT, 15, 251.15, 2, 12, 251.17, 6, nothing, Any[604], 2023-02-22T20:57:04.722, 75834628, 3
Q, MSFT, 15, 251.15, 2, 12, 251.16, 1, nothing, Any[604], 2023-02-22T20:57:04.722, 75834630, 3
Q, MSFT, 15, 251.15, 2, 12, 251.16, 2, nothing, Any[604], 2023-02-22T20:57:04.722, 75834632, 3
Q, MSFT, 15, 251.15, 2, 12, 251.16, 3, nothing, Any[604], 2023-02-22T20:57:04.722, 75834636, 3
Q, MSFT, 15, 251.15, 2, 12, 251.16, 4, nothing, Any[604], 2023-02-22T20:57:04.722, 75834637, 3
Q, MSFT, 15, 251.15, 2, 12, 251.16, 6, nothing, Any[604], 2023-02-22T20:57:04.723, 75834644, 3
Q, AMD, 11, 76.49, 8, 21, 76.5, 10, nothing, Any[604], 2023-02-22T20:57:04.723, 92088767, 3
Q, AMD, 11, 76.49, 8, 21, 76.5, 9, nothing, Any[604], 2023-02-22T20:57:04.723, 92088780, 3
Q, AMD, 11, 76.49, 8, 8, 76.5, 18, nothing, Any[604], 2023-02-22T20:57:04.723, 92088798, 3
Q, AMD, 11, 76.49, 8, 21, 76.5, 9, nothing, Any[604], 2023-02-22T20:57:04.723, 92088801, 3
Q, AMD, 11, 76.49, 8, 8, 76.5, 10, nothing, Any[604], 2023-02-22T20:57:04.723, 92088803, 3
Q, AMD, 11, 76.49, 8, 21, 76.5, 9, nothing, Any[604], 2023-02-22T20:57:04.723, 92088807, 3
Q, MSFT, 8, 251.15, 1, 12, 251.16, 6, nothing, Any[604], 2023-02-22T20:57:04.723, 75834678, 3
Q, MSFT, 8, 251.15, 1, 12, 251.16, 8, nothing, Any[604], 2023-02-22T20:57:04.723, 75834684, 3
Q, AMD, 10, 76.49, 7, 21, 76.5, 9, nothing, Any[604], 2023-02-22T20:57:04.724, 92088830, 3
Q, MSFT, 8, 251.15, 1, 12, 251.16, 6, nothing, Any[604], 2023-02-22T20:57:04.723, 75834711, 3
Q, MSFT, 8, 251.15, 1, 12, 251.16, 4, nothing, Any[604], 2023-02-22T20:57:04.723, 75834736, 3
Q, MSFT, 8, 251.15, 1, 12, 251.16, 3, nothing, Any[604], 2023-02-22T20:57:04.723, 75834756, 3
Q, MSFT, 8, 251.15, 1, 21, 251.16, 2, nothing, Any[604], 2023-02-22T20:57:04.724, 75834757, 3
Q, MSFT, 8, 251.15, 1, 12, 251.16, 3, nothing, Any[604], 2023-02-22T20:57:04.734, 75834858, 3
Q, MSFT, 15, 251.15, 2, 12, 251.16, 3, nothing, Any[604], 2023-02-22T20:57:04.736, 75834865, 3
Q, AMD, 10, 76.49, 7, 21, 76.5, 8, nothing, Any[604], 2023-02-22T20:57:04.736, 92088936, 3
Q, AMD, 10, 76.49, 7, 8, 76.5, 11, nothing, Any[604], 2023-02-22T20:57:04.757, 92089101, 3
Q, AMD, 12, 76.49, 4, 8, 76.5, 11, nothing, Any[604], 2023-02-22T20:57:04.757, 92089108, 3
Q, AMD, 12, 76.49, 4, 21, 76.5, 8, nothing, Any[604], 2023-02-22T20:57:04.763, 92089149, 3
Q, AMD, 21, 76.49, 6, 21, 76.5, 8, nothing, Any[602], 2023-02-22T20:57:04.770, 92089200, 3
Q, AMD, 12, 76.49, 4, 21, 76.5, 8, nothing, Any[604], 2023-02-22T20:57:04.780, 92089220, 3
Q, AMD, 10, 76.49, 4, 21, 76.5, 8, nothing, Any[604], 2023-02-22T20:57:04.781, 92089224, 3
Q, AMD, 10, 76.49, 4, 8, 76.5, 16, nothing, Any[604], 2023-02-22T20:57:04.781, 92089227, 3
Q, AMD, 10, 76.49, 4, 8, 76.5, 9, nothing, Any[604], 2023-02-22T20:57:04.781, 92089228, 3
Q, AMD, 12, 76.49, 4, 8, 76.5, 9, nothing, Any[604], 2023-02-22T20:57:04.781, 92089230, 3
Q, AMD, 12, 76.49, 4, 21, 76.5, 8, nothing, Any[604], 2023-02-22T20:57:04.790, 92089304, 3
Q, AMD, 12, 76.49, 5, 21, 76.5, 8, nothing, Any[604], 2023-02-22T20:57:04.790, 92089318, 3
Q, AMD, 17, 76.49, 6, 21, 76.5, 8, nothing, Any[604], 2023-02-22T20:57:04.791, 92089379, 3
Q, AMD, 12, 76.49, 5, 21, 76.5, 8, nothing, Any[604], 2023-02-22T20:57:04.791, 92089389, 3
Q, AMD, 12, 76.49, 6, 21, 76.5, 8, nothing, Any[604], 2023-02-22T20:57:04.791, 92089419, 3
Q, AMD, 17, 76.49, 6, 21, 76.5, 8, nothing, Any[604], 2023-02-22T20:57:04.807, 92089535, 3
Q, AMD, 21, 76.49, 5, 21, 76.5, 8, nothing, Any[604], 2023-02-22T20:57:04.807, 92089536, 3
Q, AMD, 12, 76.49, 6, 21, 76.5, 8, nothing, Any[604], 2023-02-22T20:57:04.808, 92089541, 3
Q, AMD, 12, 76.49, 6, 11, 76.5, 2, nothing, Any[604], 2023-02-22T20:57:04.808, 92089542, 3
Q, AMD, 21, 76.49, 5, 11, 76.5, 2, nothing, Any[604], 2023-02-22T20:57:04.814, 92089578, 3
Q, MSFT, 15, 251.15, 2, 12, 251.16, 2, nothing, Any[604], 2023-02-22T20:57:04.859, 75835466, 3
Q, MSFT, 15, 251.15, 2, 12, 251.16, 1, nothing, Any[604], 2023-02-22T20:57:04.874, 75835497, 3
Q, AMD, 21, 76.49, 6, 11, 76.5, 2, nothing, Any[604], 2023-02-22T20:57:04.888, 92089950, 3
Q, AMD, 12, 76.49, 7, 11, 76.5, 2, nothing, Any[604], 2023-02-22T20:57:04.888, 92089953, 3
Q, AMD, 12, 76.49, 8, 11, 76.5, 2, nothing, Any[604], 2023-02-22T20:57:04.888, 92089955, 3
Q, AMD, 12, 76.49, 8, 11, 76.5, 1, nothing, Any[501, 604], 2023-02-22T20:57:04.888, 92089968, 3
Q, AMD, 12, 76.49, 8, 12, 76.51, 16, nothing, Any[501, 604], 2023-02-22T20:57:04.888, 92089970, 3
Q, AMD, 12, 76.49, 10, 8, 76.51, 16, nothing, Any[604], 2023-02-22T20:57:04.888, 92089973, 3
Q, AMD, 8, 76.49, 14, 12, 76.51, 16, nothing, Any[604], 2023-02-22T20:57:04.888, 92089977, 3
Q, AMD, 8, 76.49, 15, 12, 76.51, 16, nothing, Any[604], 2023-02-22T20:57:04.888, 92089980, 3
Q, AMD, 8, 76.49, 15, 12, 76.5, 1, nothing, Any[604], 2023-02-22T20:57:04.924, 92090130, 3
Q, AMD, 8, 76.49, 15, 12, 76.5, 2, nothing, Any[604], 2023-02-22T20:57:04.924, 92090136, 3
Q, MSFT, 15, 251.15, 2, 12, 251.16, 2, nothing, Any[604], 2023-02-22T20:57:04.924, 75835583, 3
Q, AMD, 21, 76.49, 6, 12, 76.5, 2, nothing, Any[604], 2023-02-22T20:57:04.924, 92090146, 3
Q, AMD, 21, 76.49, 6, 19, 76.5, 4, nothing, Any[604], 2023-02-22T20:57:04.924, 92090164, 3
Q, AMD, 21, 76.49, 6, 19, 76.5, 8, nothing, Any[604], 2023-02-22T20:57:04.924, 92090165, 3
Q, AMD, 21, 76.49, 6, 21, 76.5, 14, nothing, Any[602], 2023-02-22T20:57:04.924, 92090171, 3
Q, AMD, 21, 76.49, 6, 21, 76.5, 15, nothing, Any[602], 2023-02-22T20:57:04.924, 92090174, 3
Q, AMD, 21, 76.49, 6, 21, 76.5, 8, nothing, Any[602], 2023-02-22T20:57:04.925, 92090181, 3
Q, AMD, 21, 76.49, 6, 21, 76.5, 9, nothing, Any[602], 2023-02-22T20:57:04.925, 92090182, 3
Q, AMD, 12, 76.49, 5, 21, 76.5, 9, nothing, Any[604], 2023-02-22T20:57:04.925, 92090213, 3
Q, AMD, 12, 76.49, 5, 10, 76.5, 9, nothing, Any[604], 2023-02-22T20:57:04.942, 92090311, 3
Q, AMD, 12, 76.49, 6, 10, 76.5, 9, nothing, Any[604], 2023-02-22T20:57:04.942, 92090316, 3
Q, AMD, 12, 76.49, 6, 10, 76.5, 8, nothing, Any[604], 2023-02-22T20:57:04.942, 92090319, 3
Q, AMD, 12, 76.49, 6, 21, 76.5, 1, nothing, Any[604], 2023-02-22T20:57:04.942, 92090322, 3
Q, AMD, 21, 76.49, 5, 21, 76.5, 1, nothing, Any[604], 2023-02-22T20:57:04.963, 92090418, 3
Q, MSFT, 15, 251.15, 2, 12, 251.16, 1, nothing, Any[604], 2023-02-22T20:57:04.989, 75835759, 3
Q, GOOG, 11, 91.75, 14, 12, 91.76, 19, nothing, Any[501, 604], 2023-02-22T20:57:04.651, 85075879, 3
Q, GOOG, 12, 91.75, 15, 12, 91.76, 19, nothing, Any[602], 2023-02-22T20:57:04.652, 85075911, 3
Q, GOOG, 11, 91.75, 15, 12, 91.76, 19, nothing, Any[604], 2023-02-22T20:57:04.653, 85075933, 3
Q, GOOG, 11, 91.75, 14, 12, 91.76, 19, nothing, Any[501, 604], 2023-02-22T20:57:04.656, 85075937, 3
Q, GOOG, 11, 91.75, 14, 12, 91.76, 21, nothing, Any[604], 2023-02-22T20:57:04.660, 85075944, 3
Q, GOOG, 11, 91.75, 14, 12, 91.76, 20, nothing, Any[604], 2023-02-22T20:57:04.667, 85075956, 3
Q, GOOG, 11, 91.75, 14, 12, 91.76, 19, nothing, Any[604], 2023-02-22T20:57:04.668, 85075968, 3
Q, GOOG, 11, 91.75, 14, 12, 91.76, 20, nothing, Any[604], 2023-02-22T20:57:04.680, 85076071, 3
Q, GOOG, 11, 91.75, 14, 12, 91.76, 21, nothing, Any[604], 2023-02-22T20:57:04.680, 85076072, 3
Q, GOOG, 11, 91.75, 12, 12, 91.76, 21, nothing, Any[501, 604], 2023-02-22T20:57:04.680, 85076077, 3
Q, GOOG, 11, 91.75, 12, 12, 91.76, 20, nothing, Any[604], 2023-02-22T20:57:04.683, 85076105, 3
Q, GOOG, 11, 91.75, 12, 12, 91.76, 19, nothing, Any[604], 2023-02-22T20:57:04.690, 85076115, 3
Q, GOOG, 11, 91.75, 12, 12, 91.76, 20, nothing, Any[604], 2023-02-22T20:57:04.714, 85076262, 3
Q, GOOG, 11, 91.75, 12, 12, 91.76, 21, nothing, Any[604], 2023-02-22T20:57:04.714, 85076263, 3
Q, GOOG, 11, 91.75, 11, 12, 91.76, 21, nothing, Any[501, 604], 2023-02-22T20:57:04.715, 85076291, 3
Q, GOOG, 11, 91.75, 10, 12, 91.76, 21, nothing, Any[501, 604], 2023-02-22T20:57:04.716, 85076325, 3
Q, GOOG, 12, 91.75, 10, 12, 91.76, 21, nothing, Any[501, 604], 2023-02-22T20:57:04.723, 85076387, 3
Q, GOOG, 12, 91.75, 10, 12, 91.76, 22, nothing, Any[602], 2023-02-22T20:57:04.723, 85076392, 3
Q, GOOG, 12, 91.75, 9, 12, 91.76, 22, nothing, Any[602], 2023-02-22T20:57:04.723, 85076407, 3
Q, GOOG, 12, 91.75, 9, 12, 91.76, 19, nothing, Any[602], 2023-02-22T20:57:04.723, 85076412, 3
Q, GOOG, 12, 91.75, 9, 12, 91.76, 18, nothing, Any[602], 2023-02-22T20:57:04.723, 85076416, 3
Q, GOOG, 12, 91.75, 10, 12, 91.76, 18, nothing, Any[602], 2023-02-22T20:57:04.723, 85076427, 3
Q, GOOG, 12, 91.75, 9, 12, 91.76, 18, nothing, Any[602], 2023-02-22T20:57:04.725, 85076490, 3
Q, GOOG, 12, 91.75, 10, 12, 91.76, 18, nothing, Any[602], 2023-02-22T20:57:04.725, 85076491, 3
Q, NFLX, 9, 334.64, 2, 12, 334.74, 2, nothing, Any[604], 2023-02-22T20:57:04.727, 75834812, 3
Q, GOOG, 12, 91.75, 9, 12, 91.76, 18, nothing, Any[602], 2023-02-22T20:57:04.734, 85076517, 3
Q, GOOG, 12, 91.75, 10, 12, 91.76, 18, nothing, Any[602], 2023-02-22T20:57:04.738, 85076545, 3
Q, GOOG, 12, 91.75, 11, 12, 91.76, 18, nothing, Any[602], 2023-02-22T20:57:04.738, 85076548, 3
Q, GOOG, 12, 91.75, 10, 12, 91.76, 18, nothing, Any[602], 2023-02-22T20:57:04.739, 85076575, 3
Q, GOOG, 12, 91.75, 11, 12, 91.76, 18, nothing, Any[602], 2023-02-22T20:57:04.751, 85076646, 3
Q, GOOG, 12, 91.75, 11, 12, 91.76, 17, nothing, Any[602], 2023-02-22T20:57:04.767, 85076723, 3
Q, GOOG, 12, 91.75, 11, 12, 91.76, 16, nothing, Any[602], 2023-02-22T20:57:04.778, 85076750, 3
Q, GOOG, 12, 91.75, 12, 12, 91.76, 16, nothing, Any[602], 2023-02-22T20:57:04.778, 85076754, 3
Q, GOOG, 12, 91.75, 11, 12, 91.76, 16, nothing, Any[602], 2023-02-22T20:57:04.779, 85076755, 3
Q, GOOG, 11, 91.75, 11, 12, 91.76, 16, nothing, Any[604], 2023-02-22T20:57:04.824, 85076921, 3
Q, GOOG, 11, 91.75, 12, 12, 91.76, 16, nothing, Any[501, 604], 2023-02-22T20:57:04.824, 85076927, 3
Q, GOOG, 12, 91.75, 13, 12, 91.76, 16, nothing, Any[602], 2023-02-22T20:57:04.875, 85077146, 3
Q, GOOG, 11, 91.75, 12, 12, 91.76, 16, nothing, Any[604], 2023-02-22T20:57:04.875, 85077148, 3
Q, GOOG, 11, 91.75, 12, 12, 91.76, 17, nothing, Any[604], 2023-02-22T20:57:04.923, 85077336, 3
Q, GOOG, 11, 91.75, 12, 12, 91.76, 16, nothing, Any[604], 2023-02-22T20:57:04.997, 85077682, 3
Q, GOOG, 11, 91.75, 12, 12, 91.76, 17, nothing, Any[604], 2023-02-22T20:57:05.008, 85077869, 3
Q, GOOG, 11, 91.75, 12, 12, 91.76, 18, nothing, Any[604], 2023-02-22T20:57:05.008, 85077871, 3
Q, GOOG, 11, 91.75, 12, 12, 91.76, 17, nothing, Any[604], 2023-02-22T20:57:05.035, 85078136, 3
Q, AAPL, 12, 148.47, 12, 12, 148.49, 16, nothing, Any[602], 2023-02-22T20:57:05.014, 92090579, 3
Q, AAPL, 12, 148.47, 17, 12, 148.49, 16, nothing, Any[602], 2023-02-22T20:57:05.021, 92090591, 3
Q, AAPL, 12, 148.47, 17, 12, 148.49, 15, nothing, Any[602], 2023-02-22T20:57:05.021, 92090603, 3
Q, AAPL, 12, 148.48, 1, 12, 148.49, 15, nothing, Any[602], 2023-02-22T20:57:05.022, 92090607, 3
Q, AAPL, 12, 148.48, 2, 12, 148.49, 15, nothing, Any[602], 2023-02-22T20:57:05.022, 92090608, 3
Q, AAPL, 12, 148.48, 3, 12, 148.49, 15, nothing, Any[602], 2023-02-22T20:57:05.022, 92090611, 3
Q, AAPL, 8, 148.48, 4, 12, 148.49, 15, nothing, Any[604], 2023-02-22T20:57:05.023, 92090640, 3
Q, AAPL, 8, 148.48, 5, 12, 148.49, 15, nothing, Any[604], 2023-02-22T20:57:05.023, 92090643, 3
Q, AAPL, 21, 148.48, 3, 12, 148.49, 15, nothing, Any[604], 2023-02-22T20:57:05.023, 92090647, 3
Q, AAPL, 21, 148.48, 4, 12, 148.49, 15, nothing, Any[604], 2023-02-22T20:57:05.023, 92090649, 3
Q, AAPL, 8, 148.48, 3, 12, 148.49, 15, nothing, Any[604], 2023-02-22T20:57:05.023, 92090651, 3
Q, AAPL, 12, 148.48, 3, 12, 148.49, 15, nothing, Any[604], 2023-02-22T20:57:05.023, 92090652, 3
Q, AAPL, 12, 148.48, 3, 12, 148.49, 14, nothing, Any[602], 2023-02-22T20:57:05.024, 92090667, 3
Q, AAPL, 21, 148.48, 3, 12, 148.49, 14, nothing, Any[604], 2023-02-22T20:57:05.033, 92090743, 3
Q, AAPL, 8, 148.48, 2, 12, 148.49, 14, nothing, Any[604], 2023-02-22T20:57:05.039, 92090784, 3
Q, AAPL, 12, 148.48, 2, 12, 148.49, 14, nothing, Any[604], 2023-02-22T20:57:05.039, 92090785, 3
Q, AAPL, 19, 148.48, 1, 12, 148.49, 14, nothing, Any[604], 2023-02-22T20:57:05.047, 92090856, 3
Q, AAPL, 21, 148.48, 1, 12, 148.49, 14, nothing, Any[604], 2023-02-22T20:57:05.048, 92090867, 3
Q, AAPL, 21, 148.48, 1, 12, 148.49, 15, nothing, Any[604], 2023-02-22T20:57:05.049, 92090897, 3
Q, AAPL, 21, 148.48, 1, 12, 148.49, 16, nothing, Any[604], 2023-02-22T20:57:05.049, 92090898, 3
Q, AAPL, 21, 148.48, 1, 12, 148.49, 15, nothing, Any[604], 2023-02-22T20:57:05.049, 92090900, 3
Q, AAPL, 21, 148.48, 1, 12, 148.49, 14, nothing, Any[604], 2023-02-22T20:57:05.063, 92091009, 3
Q, AAPL, 12, 148.48, 2, 12, 148.49, 14, nothing, Any[602], 2023-02-22T20:57:05.070, 92091078, 3
Q, AAPL, 12, 148.48, 3, 12, 148.49, 14, nothing, Any[602], 2023-02-22T20:57:05.070, 92091079, 3
Q, AAPL, 12, 148.48, 4, 12, 148.49, 14, nothing, Any[602], 2023-02-22T20:57:05.070, 92091081, 3
Q, AAPL, 12, 148.48, 4, 12, 148.49, 15, nothing, Any[602], 2023-02-22T20:57:05.070, 92091082, 3
Q, AAPL, 8, 148.48, 5, 12, 148.49, 15, nothing, Any[604], 2023-02-22T20:57:05.070, 92091090, 3
Q, AAPL, 8, 148.48, 5, 12, 148.49, 14, nothing, Any[604], 2023-02-22T20:57:05.070, 92091091, 3
Q, AAPL, 12, 148.48, 4, 12, 148.49, 14, nothing, Any[604], 2023-02-22T20:57:05.070, 92091092, 3
Q, AAPL, 12, 148.48, 3, 12, 148.49, 14, nothing, Any[602], 2023-02-22T20:57:05.129, 92091190, 3
Q, AAPL, 12, 148.48, 3, 12, 148.49, 15, nothing, Any[602], 2023-02-22T20:57:05.129, 92091193, 3
Q, AAPL, 12, 148.48, 2, 12, 148.49, 15, nothing, Any[602], 2023-02-22T20:57:05.141, 92091294, 3
Q, AAPL, 21, 148.48, 2, 12, 148.49, 15, nothing, Any[604], 2023-02-22T20:57:05.141, 92091295, 3
Q, AAPL, 21, 148.48, 2, 12, 148.49, 16, nothing, Any[604], 2023-02-22T20:57:05.141, 92091296, 3
Q, AAPL, 21, 148.48, 2, 12, 148.49, 17, nothing, Any[604], 2023-02-22T20:57:05.141, 92091297, 3
Q, AAPL, 21, 148.48, 2, 12, 148.49, 18, nothing, Any[604], 2023-02-22T20:57:05.141, 92091299, 3
Q, AAPL, 19, 148.48, 1, 12, 148.49, 18, nothing, Any[604], 2023-02-22T20:57:05.141, 92091300, 3
Q, AAPL, 12, 148.47, 11, 12, 148.49, 18, nothing, Any[604], 2023-02-22T20:57:05.141, 92091308, 3
Q, AAPL, 21, 148.48, 2, 12, 148.49, 18, nothing, Any[604], 2023-02-22T20:57:05.141, 92091313, 3
Q, AAPL, 21, 148.48, 4, 12, 148.49, 18, nothing, Any[604], 2023-02-22T20:57:05.141, 92091314, 3
Q, AAPL, 21, 148.48, 2, 12, 148.49, 18, nothing, Any[604], 2023-02-22T20:57:05.141, 92091320, 3
Q, AAPL, 12, 148.47, 12, 12, 148.49, 18, nothing, Any[604], 2023-02-22T20:57:05.141, 92091324, 3
Q, NVDA, 12, 207.56, 3, 12, 207.58, 2, nothing, Any[602], 2023-02-22T20:57:04.748, 75835077, 3
Q, NVDA, 12, 207.56, 6, 12, 207.58, 2, nothing, Any[602], 2023-02-22T20:57:04.795, 75835301, 3
Q, NVDA, 12, 207.56, 3, 12, 207.58, 2, nothing, Any[602], 2023-02-22T20:57:04.807, 75835376, 3
Q, NVDA, 12, 207.56, 3, 12, 207.58, 1, nothing, Any[602], 2023-02-22T20:57:05.008, 75835795, 3
Q, NVDA, 12, 207.56, 3, 12, 207.6, 2, nothing, Any[602], 2023-02-22T20:57:05.008, 75835796, 3
Q, NVDA, 17, 207.57, 1, 12, 207.6, 2, nothing, Any[604], 2023-02-22T20:57:05.009, 75835801, 3
Q, NVDA, 12, 207.57, 3, 12, 207.6, 2, nothing, Any[602], 2023-02-22T20:57:05.009, 75835808, 3
Q, NVDA, 12, 207.57, 3, 12, 207.6, 1, nothing, Any[602], 2023-02-22T20:57:05.009, 75835813, 3
Q, NVDA, 12, 207.58, 3, 12, 207.6, 1, nothing, Any[602], 2023-02-22T20:57:05.010, 75835847, 3
Q, NVDA, 12, 207.57, 3, 21, 207.6, 1, nothing, Any[604], 2023-02-22T20:57:05.011, 75835864, 3
Q, NVDA, 19, 207.58, 1, 21, 207.6, 1, nothing, Any[604], 2023-02-22T20:57:05.011, 75835867, 3
Q, NVDA, 12, 207.57, 3, 21, 207.6, 1, nothing, Any[604], 2023-02-22T20:57:05.012, 75835902, 3
Q, NVDA, 12, 207.57, 3, 12, 207.6, 1, nothing, Any[604], 2023-02-22T20:57:05.012, 75835907, 3
Q, NVDA, 12, 207.57, 4, 21, 207.6, 1, nothing, Any[604], 2023-02-22T20:57:05.024, 75836000, 3
Q, NVDA, 12, 207.57, 4, 12, 207.6, 1, nothing, Any[604], 2023-02-22T20:57:05.025, 75836005, 3
Q, NVDA, 17, 207.57, 1, 12, 207.6, 1, nothing, Any[604], 2023-02-22T20:57:05.039, 75836109, 3
Q, NVDA, 17, 207.57, 1, 12, 207.6, 2, nothing, Any[604], 2023-02-22T20:57:05.048, 75836393, 3
Q, NVDA, 19, 207.57, 1, 12, 207.6, 2, nothing, Any[604], 2023-02-22T20:57:05.057, 75836499, 3
Q, NVDA, 19, 207.57, 1, 21, 207.6, 1, nothing, Any[604], 2023-02-22T20:57:05.109, 75836665, 3
Q, NVDA, 19, 207.57, 1, 12, 207.61, 3, nothing, Any[604], 2023-02-22T20:57:05.109, 75836676, 3
Q, NVDA, 21, 207.58, 1, 12, 207.61, 3, nothing, Any[604], 2023-02-22T20:57:05.109, 75836684, 3
Q, NVDA, 9, 207.58, 3, 12, 207.61, 3, nothing, Any[604], 2023-02-22T20:57:05.110, 75836698, 3
Q, NVDA, 21, 207.58, 1, 12, 207.61, 3, nothing, Any[604], 2023-02-22T20:57:05.110, 75836701, 3
Q, NVDA, 12, 207.58, 3, 12, 207.61, 3, nothing, Any[602], 2023-02-22T20:57:05.120, 75836738, 3
Q, NVDA, 21, 207.58, 1, 12, 207.61, 3, nothing, Any[604], 2023-02-22T20:57:05.138, 75836789, 3
Q, NVDA, 19, 207.58, 1, 12, 207.61, 3, nothing, Any[604], 2023-02-22T20:57:05.138, 75836791, 3
Q, NVDA, 12, 207.57, 1, 12, 207.61, 3, nothing, Any[604], 2023-02-22T20:57:05.139, 75836800, 3
Q, PLTR, 10, 8.36, 704, 10, 8.37, 161, 1, Any[1, 605], 2023-02-22T20:57:04.790, 46171239, 1
Q, AMZN, 15, 95.7, 2, 12, 95.71, 16, nothing, Any[604], 2023-02-22T20:57:04.790, 92089336, 3
Q, AMZN, 21, 95.7, 2, 12, 95.71, 16, nothing, Any[604], 2023-02-22T20:57:04.791, 92089382, 3
Q, AMZN, 21, 95.7, 3, 12, 95.71, 16, nothing, Any[604], 2023-02-22T20:57:04.791, 92089384, 3
Q, AMZN, 15, 95.7, 2, 12, 95.71, 16, nothing, Any[604], 2023-02-22T20:57:04.797, 92089497, 3
Q, AMZN, 21, 95.7, 3, 12, 95.71, 16, nothing, Any[604], 2023-02-22T20:57:04.845, 92089650, 3
Q, AMZN, 15, 95.7, 2, 12, 95.71, 16, nothing, Any[604], 2023-02-22T20:57:04.845, 92089653, 3
Q, AMZN, 15, 95.7, 2, 12, 95.71, 17, nothing, Any[604], 2023-02-22T20:57:04.861, 92089686, 3
Q, AMZN, 21, 95.7, 3, 12, 95.71, 17, nothing, Any[604], 2023-02-22T20:57:04.880, 92089886, 3
Q, AMZN, 21, 95.7, 2, 12, 95.71, 17, nothing, Any[604], 2023-02-22T20:57:04.923, 92090123, 3
Q, AMZN, 15, 95.7, 2, 12, 95.71, 17, nothing, Any[604], 2023-02-22T20:57:04.971, 92090436, 3
Q, AMZN, 15, 95.7, 2, 12, 95.71, 18, nothing, Any[604], 2023-02-22T20:57:05.011, 92090565, 3
Q, AMZN, 15, 95.7, 2, 12, 95.71, 19, nothing, Any[604], 2023-02-22T20:57:05.054, 92090931, 3
Q, AMZN, 15, 95.7, 2, 12, 95.71, 18, nothing, Any[604], 2023-02-22T20:57:05.054, 92090935, 3
Q, AMZN, 15, 95.7, 2, 12, 95.71, 19, nothing, Any[604], 2023-02-22T20:57:05.054, 92090936, 3
Q, AMZN, 15, 95.7, 2, 12, 95.71, 20, nothing, Any[604], 2023-02-22T20:57:05.054, 92090938, 3
Q, AMZN, 15, 95.7, 2, 12, 95.71, 19, nothing, Any[604], 2023-02-22T20:57:05.055, 92090944, 3
Q, AMZN, 11, 95.69, 9, 12, 95.71, 19, nothing, Any[604], 2023-02-22T20:57:05.055, 92090959, 3
Q, AMZN, 11, 95.69, 9, 21, 95.7, 2, nothing, Any[604], 2023-02-22T20:57:05.055, 92090968, 3
Q, AMZN, 11, 95.69, 9, 19, 95.7, 1, nothing, Any[604], 2023-02-22T20:57:05.062, 92090996, 3
Q, AMZN, 11, 95.69, 9, 11, 95.7, 1, nothing, Any[604], 2023-02-22T20:57:05.062, 92090997, 3
Q, AMZN, 12, 95.69, 10, 11, 95.7, 1, nothing, Any[604], 2023-02-22T20:57:05.062, 92091000, 3
Q, AMZN, 12, 95.69, 10, 12, 95.71, 19, nothing, Any[604], 2023-02-22T20:57:05.063, 92091003, 3
Q, AMZN, 21, 95.7, 2, 12, 95.71, 19, nothing, Any[604], 2023-02-22T20:57:05.063, 92091005, 3
Q, AMZN, 21, 95.7, 3, 12, 95.71, 19, nothing, Any[604], 2023-02-22T20:57:05.063, 92091006, 3
Q, AMZN, 21, 95.7, 5, 12, 95.71, 19, nothing, Any[604], 2023-02-22T20:57:05.063, 92091008, 3
Q, AMZN, 21, 95.7, 3, 12, 95.71, 19, nothing, Any[604], 2023-02-22T20:57:05.063, 92091012, 3
Q, AMZN, 19, 95.7, 4, 12, 95.71, 19, nothing, Any[604], 2023-02-22T20:57:05.063, 92091021, 3
Q, AMZN, 21, 95.7, 3, 12, 95.71, 19, nothing, Any[604], 2023-02-22T20:57:05.063, 92091023, 3
Q, AMZN, 21, 95.7, 3, 12, 95.71, 18, nothing, Any[604], 2023-02-22T20:57:05.154, 92091415, 3
Q, AMZN, 12, 95.7, 4, 12, 95.71, 18, nothing, Any[602], 2023-02-22T20:57:05.154, 92091416, 3
Q, AMZN, 12, 95.7, 3, 12, 95.71, 18, nothing, Any[602], 2023-02-22T20:57:05.167, 92091476, 3
Q, AMZN, 12, 95.7, 4, 12, 95.71, 18, nothing, Any[602], 2023-02-22T20:57:05.171, 92091508, 3
Q, AMZN, 21, 95.7, 4, 12, 95.71, 18, nothing, Any[604], 2023-02-22T20:57:05.227, 92091696, 3
Q, AMZN, 21, 95.7, 3, 12, 95.71, 18, nothing, Any[604], 2023-02-22T20:57:05.239, 92091807, 3
Q, AMZN, 21, 95.7, 3, 12, 95.71, 19, nothing, Any[604], 2023-02-22T20:57:05.239, 92091812, 3
Q, AMZN, 12, 95.7, 7, 12, 95.71, 19, nothing, Any[602], 2023-02-22T20:57:05.265, 92092081, 3
Q, AMZN, 12, 95.7, 8, 12, 95.71, 19, nothing, Any[602], 2023-02-22T20:57:05.265, 92092082, 3
Q, AMZN, 12, 95.7, 8, 12, 95.71, 18, nothing, Any[602], 2023-02-22T20:57:05.265, 92092086, 3
Q, AMZN, 12, 95.7, 8, 12, 95.71, 16, nothing, Any[602], 2023-02-22T20:57:05.269, 92092122, 3
Q, AMZN, 12, 95.7, 9, 12, 95.71, 16, nothing, Any[602], 2023-02-22T20:57:05.270, 92092166, 3
